%% This BibTeX bibliography file was created using BibDesk.
%% http://bibdesk.sourceforge.net/

%% Created for Idit Keidar at 2019-10-07 15:53:15 +0300 


%% Saved with string encoding Unicode (UTF-8) 


@inproceedings{facebook-workloads,
title = {Characterizing, Modeling, and Benchmarking {RocksDB} Key-Value Workloads at {Facebook}},
author = {Cao, Zhichao and  Dong, Siying and  Vemuri, Sagar and Du, David H.C.},
booktitle = {USENIX Conference on File and Storage Technologies (FAST)},
year = 2020
}

@inproceedings{Wu:2019:WFO:3302424.3303955,
 author = {Wu, Xingbo and Ni, Fan and Jiang, Song},
 title = {Wormhole: A Fast Ordered Index for In-memory Data Management},
 booktitle = {Proceedings of the Fourteenth EuroSys Conference 2019},
 series = {EuroSys '19},
 year = {2019},
 isbn = {978-1-4503-6281-8},
 location = {Dresden, Germany},
 pages = {18:1--18:16},
 articleno = {18},
 numpages = {16},
 url = {http://doi.acm.org/10.1145/3302424.3303955},
 doi = {10.1145/3302424.3303955},
 acmid = {3303955},
 publisher = {ACM},
 address = {New York, NY, USA},
} 


@inproceedings{DBLP:conf/cidr/DongCGBSS17,
  author    = {Siying Dong and
               Mark Callaghan and
               Leonidas Galanis and
               Dhruba Borthakur and
               Tony Savor and
               Michael Strum},
  title     = {Optimizing Space Amplification in RocksDB},
  booktitle = {{CIDR} 2017, 8th Biennial Conference on Innovative Data Systems Research,
               Chaminade, CA, USA, January 8-11, 2017, Online Proceedings},
  year      = {2017},
  crossref  = {DBLP:conf/cidr/2017},
  url       = {http://cidrdb.org/cidr2017/papers/p82-dong-cidr17.pdf},
  timestamp = {Wed, 04 Jan 2017 18:40:03 +0100},
  biburl    = {https://dblp.org/rec/bib/conf/cidr/DongCGBSS17},
  bibsource = {dblp computer science bibliography, https://dblp.org}
}
@proceedings{DBLP:conf/cidr/2017,
  title     = {{CIDR} 2017, 8th Biennial Conference on Innovative Data Systems Research,
               Chaminade, CA, USA, January 8-11, 2017, Online Proceedings},
  publisher = {www.cidrdb.org},
  year      = {2017},
  url       = {http://cidrdb.org/cidr2017/index.html},
  timestamp = {Wed, 04 Jan 2017 18:40:03 +0100},
  biburl    = {https://dblp.org/rec/bib/conf/cidr/2017},
  bibsource = {dblp computer science bibliography, https://dblp.org}
}


@article{Lehman:1981:ELC:319628.319663,
	Acmid = {319663},
	Address = {New York, NY, USA},
	Author = {Lehman, Philip L. and Yao, s. Bing},
	Doi = {10.1145/319628.319663},
	Issn = {0362-5915},
	Issue_Date = {Dec. 1981},
	Journal = {ACM Trans. Database Syst.},
	Keywords = {B-tree, concurrenct algorithms, concurrency controls, consistencey, correctness, data structures, database, index organizations, locking protocols, multiway search trees},
	Month = dec,
	Number = {4},
	Numpages = {21},
	Pages = {650--670},
	Publisher = {ACM},
	Title = {Efficient Locking for Concurrent Operations on B-trees},
	Url = {http://doi.acm.org/10.1145/319628.319663},
	Volume = {6},
	Year = {1981},
	Bdsk-Url-1 = {http://doi.acm.org/10.1145/319628.319663},
	Bdsk-Url-2 = {https://doi.org/10.1145/319628.319663}}

@inproceedings{DBLP:conf/sigmod/BayerM70,
	Author = {Rudolf Bayer and Edward M. McCreight},
	Bibsource = {dblp computer science bibliography, https://dblp.org},
	Biburl = {https://dblp.org/rec/bib/conf/sigmod/BayerM70},
	Booktitle = {Record of the 1970 {ACM} {SIGFIDET} Workshop on Data Description and Access, November 15-16, 1970, Rice University, Houston, Texas, {USA} (Second Edition with an Appendix)},
	Pages = {107--141},
	Timestamp = {Tue, 18 Sep 2012 20:35:40 +0200},
	Title = {Organization and Maintenance of Large Ordered Indexes},
	Year = {1970}}

@inproceedings{Papagiannis:2018:EMK:3267809.3267824,
	Acmid = {3267824},
	Address = {New York, NY, USA},
	Author = {Papagiannis, Anastasios and Saloustros, Giorgos and Gonz\'{a}lez-F{\'e}rez, Pilar and Bilas, Angelos},
	Booktitle = {Proceedings of the ACM Symposium on Cloud Computing},
	Doi = {10.1145/3267809.3267824},
	Isbn = {978-1-4503-6011-1},
	Keywords = {Copy-On-Write, Key-Value Stores, LSM-Tree, Memory-Mapped I/O, SSD, mmap},
	Location = {Carlsbad, CA, USA},
	Numpages = {13},
	Pages = {490--502},
	Publisher = {ACM},
	Series = {SoCC '18},
	Title = {An Efficient Memory-Mapped Key-Value Store for Flash Storage},
	Url = {http://doi.acm.org/10.1145/3267809.3267824},
	Year = {2018},
	Bdsk-Url-1 = {http://doi.acm.org/10.1145/3267809.3267824},
	Bdsk-Url-2 = {https://doi.org/10.1145/3267809.3267824}}

@misc{rocks-vs-inno,
	Author = {Yoshinori Matsunobu},
	Howpublished = {\url{https://engineering.fb.com/core-data/myrocks-a-space-and-write-optimized-mysql-database/}},
	Title = {MyRocks: A space- and write-optimized MySQL database},
	Year = 2016}

@misc{medium-mobile-analytics,
	Author = {Mihovil Grguric},
	Howpublished = {\url{https://medium.com/swlh/top-11-mobile-app-analytics-platforms-pricing-included-cdc553578fd}},
	Title = {Top 11 Mobile App Analytics Platforms in 2019 (Pricing Included)},
	Year = 2019}


@misc{InnoDB-Buffer-Pool,
	Howpublished = {https://dev.mysql.com/doc/refman/5.5/en/innodb-buffer-pool.html/},
	Title = {MySQL InnoDB Buffer Pool},
	Year = 2019}
	
@misc{toku-rocks-inno,
	Author = {Shiv Iyer},
	Howpublished = {https://minervadb.com/index.php/2018/08/06/comparing-tokudb-rocksdb-and-innodb-performance-on-intelr-xeonr-gold-6140-cpu/},
	Title = {Comparing TokuDB, RocksDB and InnoDB Performance on Intel(R) Xeon(R) Gold 6140 CPU},
	Year = 2018}

@misc{pebbles-git-issue,
	Date-Added = {2019-04-30 16:13:43 +0300},
	Date-Modified = {2019-04-30 16:15:45 +0300},
	Howpublished = {https://github.com/utsaslab/pebblesdb/issues/19},
	Month = {January},
	Title = {VersionSet::RemoveFileLevelBloomFilterInfo isn't thread-safe},
	Year = {2018}}

@inproceedings{vttrees,
	Author = {Pradeep J. Shetty and Richard P. Spillane and Ravikant R. Malpani and Binesh Andrews and Justin Seyster and Erez Zadok},
	Booktitle = {Presented as part of the 11th {USENIX} Conference on File and Storage Technologies ({FAST} 13)},
	Pages = {17--30},
	Title = {Building Workload-Independent Storage with VT-Trees},
	Year = {2013}}

@inproceedings{slmdb,
	Author = {Olzhas Kaiyrakhmet and Songyi Lee and Beomseok Nam and Sam H. Noh and Young-ri Choi},
	Booktitle = {17th {USENIX} Conference on File and Storage Technologies ({FAST} 19)},
	Pages = {191--205},
	Title = {{SLM-DB}: Single-Level Key-Value Store with Persistent Memory},
	Year = {2019}}

@article{Comer79,
	Author = {Comer, Douglas},
	Journal = {ACM Comput. Surv.},
	Month = jun,
	Number = {2},
	Numpages = {17},
	Pages = {121--137},
	Title = {Ubiquitous B-Tree},
	Volume = {11},
	Year = {1979}}

@article{Bender15,
	Author = {Michael A. Bender and Martin Farach{-}Colton and William Jannen and Rob Johnson and Bradley C. Kuszmaul and Donald E. Porter and Jun Yuan and Yang Zhan},
	Bibsource = {dblp computer science bibliography, https://dblp.org},
	Biburl = {https://dblp.org/rec/bib/journals/usenix-login/BenderFJJKPY015},
	Journal = {;login:},
	Number = {5},
	Timestamp = {Thu, 20 Dec 2018 15:28:38 +0100},
	Title = {An Introduction to B{\(\epsilon\)}-trees and Write-Optimization},
	Url = {https://www.usenix.org/publications/login/oct15/bender},
	Volume = {40},
	Year = {2015},
	Bdsk-Url-1 = {https://www.usenix.org/publications/login/oct15/bender}}

@article{Lehman81,
	Author = {Lehman, Philip L. and Yao, s. Bing},
	Journal = {ACM Trans. Database Syst.},
	Month = dec,
	Number = {4},
	Numpages = {21},
	Pages = {650--670},
	Title = {Efficient Locking for Concurrent Operations on B-trees},
	Volume = {6},
	Year = {1981}}

@inproceedings{tdls,
	Author = {Spiegelman, Alexander and Golan-Gueta, Guy and Keidar, Idit},
	Booktitle = {Proceedings of the 37th ACM SIGPLAN Conference on Programming Language Design and Implementation},
	Numpages = {15},
	Pages = {682--696},
	Series = {PLDI '16},
	Title = {Transactional Data Structure Libraries},
	Year = {2016}}

@misc{redis,
	Howpublished = {{https://redis.io/}},
	Lastchecked = {Dec 2018},
	Title = {Redis, an open source, in-memory data structure store}}

@misc{ignite,
	Howpublished = {{https://ignite.apache.org/}},
	Lastchecked = {Dec 2018},
	Title = {{Ignite } Database and Caching Platform}}

@misc{memcached,
	Howpublished = {\url{https://memcached.org/}},
	Month = dec,
	Title = {Memcached, an open source, high-performance, distributed memory object caching system},
	Year = {2018}}

@inproceedings{tucana,
	Author = {Papagiannis, Anastasios and Saloustros, Giorgos and Gonz\'{a}lez-F{\'e}rez, Pilar and Bilas, Angelos},
	Booktitle = {Proceedings of the 2016 USENIX Conference on Usenix Annual Technical Conference},
	Numpages = {14},
	Pages = {537--550},
	Series = {USENIX ATC '16},
	Title = {Tucana: Design and Implementation of a Fast and Efficient Scale-up Key-value Store},
	Year = {2016}}

@article{tinyLFU,
	Articleno = {35},
	Author = {Einziger, Gil and Friedman, Roy and Manes, Ben},
	Issue_Date = {December 2017},
	Journal = {ACM Trans. Storage},
	Month = nov,
	Number = {4},
	Numpages = {31},
	Pages = {35:1--35:31},
	Title = {TinyLFU: A Highly Efficient Cache Admission Policy},
	Volume = {13},
	Year = {2017}}

@inproceedings{linkbench,
	Author = {Armstrong, Timothy G. and Ponnekanti, Vamsi and Borthakur, Dhruba and Callaghan, Mark},
	Booktitle = {Proceedings of the 2013 ACM SIGMOD International Conference on Management of Data},
	Numpages = {12},
	Pages = {1185--1196},
	Series = {SIGMOD '13},
	Title = {LinkBench: A Database Benchmark Based on the Facebook Social Graph},
	Year = {2013}}

@article{DBLP:journals/acta/ONeilCGO96,
	Author = {Patrick E. O'Neil and Edward Cheng and Dieter Gawlick and Elizabeth J. O'Neil},
	Bibsource = {dblp computer science bibliography, https://dblp.org},
	Biburl = {https://dblp.org/rec/bib/journals/acta/ONeilCGO96},
	Doi = {10.1007/s002360050048},
	Journal = {Acta Inf.},
	Number = {4},
	Pages = {351--385},
	Timestamp = {Wed, 14 Nov 2018 10:14:19 +0100},
	Title = {The Log-Structured Merge-Tree (LSM-Tree)},
	Url = {https://doi.org/10.1007/s002360050048},
	Volume = {33},
	Year = {1996},
	Bdsk-Url-1 = {https://doi.org/10.1007/s002360050048}}

@inproceedings{Gray:1994:QGB:191839.191886,
	Author = {Gray, Jim and Sundaresan, Prakash and Englert, Susanne and Baclawski, Ken and Weinberger, Peter J.},
	Booktitle = {Proceedings of the 1994 ACM SIGMOD International Conference on Management of Data},
	Pages = {243--252},
	Series = {SIGMOD '94},
	Title = {Quickly Generating Billion-record Synthetic Databases},
	Year = {1994}}

@inproceedings{Muth1998,
	Author = {Muth, Peter and O'Neil, Patrick E. and Pick, Achim and Weikum, Gerhard},
	Booktitle = {Proceedings of the 24rd International Conference on Very Large Data Bases},
	Numpages = {12},
	Pages = {452--463},
	Series = {VLDB '98},
	Title = {Design, Implementation, and Performance of the LHAM Log-Structured History Data Access Method},
	Year = {1998}}

@article{accordion,
	Author = {Bortnikov, Edward and Braginsky, Anastasia and Hillel, Eshcar and Keidar, Idit and Sheffi, Gali},
	Issue_Date = {August 2018},
	Journal = {Proc. VLDB Endow.},
	Month = aug,
	Number = {12},
	Numpages = {13},
	Pages = {1863--1875},
	Title = {Accordion: Better Memory Organization for LSM Key-value Stores},
	Volume = {11},
	Year = {2018}}

@article{WiscKey,
	Articleno = {5},
	Author = {Lu, Lanyue and Pillai, Thanumalayan Sankaranarayana and Gopalakrishnan, Hariharan and Arpaci-Dusseau, Andrea C. and Arpaci-Dusseau, Remzi H.},
	Issue_Date = {March 2017},
	Journal = {ACM Trans. Storage},
	Keywords = {LevelDB, WiscKey, flash-based SSDs},
	Month = mar,
	Number = {1},
	Numpages = {28},
	Pages = {5:1--5:28},
	Title = {WiscKey: Separating Keys from Values in SSD-Conscious Storage},
	Volume = {13},
	Year = {2017}}

@inproceedings{PebblesDB,
	Author = {Raju, Pandian and Kadekodi, Rohan and Chidambaram, Vijay and Abraham, Ittai},
	Booktitle = {Proceedings of the 26th Symposium on Operating Systems Principles},
	Numpages = {18},
	Pages = {497--514},
	Series = {SOSP '17},
	Title = {PebblesDB: Building Key-Value Stores Using Fragmented Log-Structured Merge Trees},
	Year = {2017}}

@inproceedings{triad,
	Author = {Balmau, Oana and Didona, Diego and Guerraoui, Rachid and Zwaenepoel, Willy and Yuan, Huapeng and Arora, Aashray and Gupta, Karan and Konka, Pavan},
	Booktitle = {Proceedings of the 2017 USENIX Conference on Usenix Annual Technical Conference},
	Numpages = {13},
	Pages = {363--375},
	Series = {USENIX ATC '17},
	Title = {TRIAD: Creating Synergies Between Memory, Disk and Log in Log Structured Key-value Stores},
	Year = {2017}}

@inproceedings{Borthakur:2011:AHG:1989323.1989438,
	Author = {Borthakur, Dhruba and Gray, Jonathan and Sarma, Joydeep Sen and Muthukkaruppan, Kannan and Spiegelberg, Nicolas and Kuang, Hairong and Ranganathan, Karthik and Molkov, Dmytro and Menon, Aravind and Rash, Samuel and Schmidt, Rodrigo and Aiyer, Amitanand},
	Booktitle = {Proceedings of the 2011 ACM SIGMOD International Conference on Management of Data},
	Isbn = {978-1-4503-0661-4},
	Numpages = {10},
	Pages = {1071--1080},
	Series = {SIGMOD '11},
	Title = {Apache Hadoop Goes Realtime at Facebook},
	Year = {2011}}

@misc{RocksDBPerf,
	Howpublished = {{https://github.com/facebook/rocksdb/wiki/RocksDB-Tuning-Guidel}},
	Lastchecked = {Dec 2018},
	Title = {{RocksDB} Tuning Guide}}

@misc{RocksDBMemoryTuning,
	Howpublished = {https://github.com/facebook/rocksdb/wiki/Setup-Options-and-Basic-Tuning\#block-cache-size}}

@misc{rocksdb-benchmarks,
	Howpublished = {{https://github.com/facebook/rocksdb/wiki/performance-benchmarks}},
	Lastchecked = {Dec 2018},
	Title = {{RocksDB} Performance Benchmarks}}

@misc{tokudb-vs-rocksdb,
	Howpublished = {{https://www.percona.com/live/17/sessions/tokudb-vs-rocksdb}},
	Lastchecked = {Dec 2018},
	Title = {{TokuDB} vs {RocksDB}}}

@misc{alliedmarketresearch,
	Date-Added = {2018-12-25 14:09:16 +0200},
	Date-Modified = {2018-12-25 14:16:23 +0200},
	Howpublished = {{https://www.alliedmarketresearch.com/press-release/NoSQL-market-is-expected-to-reach-4-2-billion-globally-by-2020-allied-market-research.html}},
	Lastchecked = {Dec 2018},
	Title = {{NoSQL} Market is Expected to Reach \$4.2 Billion, Globally, by 2020}}

@inproceedings{kiwi,
	Author = {Basin, Dmitry and Bortnikov, Edward and Braginsky, Anastasia and Golan-Gueta, Guy and Hillel, Eshcar and Keidar, Idit and Sulamy, Moshe},
	Booktitle = {Proceedings of the 22Nd ACM SIGPLAN Symposium on Principles and Practice of Parallel Programming},
	Keywords = {lock-free key-value map, wait-free atomic scans},
	Location = {Austin, Texas, USA},
	Numpages = {13},
	Pages = {357--369},
	Publisher = {ACM},
	Series = {PPoPP '17},
	Title = {KiWi: A Key-Value Map for Scalable Real-Time Analytics},
	Year = {2017}}

@misc{phablet,
	Date-Added = {2016-07-12 11:10:45 +0000},
	Date-Modified = {2016-07-12 11:12:03 +0000},
	Howpublished = {\url{http://flurrymobile.tumblr.com/post/117769261810/the-phablet-revolution}}}

@misc{appmatrix,
	Date-Added = {2016-07-12 11:10:19 +0000},
	Date-Modified = {2016-07-12 11:10:40 +0000},
	Howpublished = {\url{http://flurrymobile.tumblr.com/post/144245637325/appmatrix}}}

@misc{firebase,
	Howpublished = {\url{https://firebase.google.com}},
	Title = {Google Firebase}}

@misc{appsflyer,
	Howpublished = {\url{https://appsflyer.com}},
	Title = {AppsFlyer}}

@misc{innodblocking,
	Howpublished = {\url{https://dev.mysql.com/doc/refman/8.0/en/innodb-locking.html}},
	Title = {InnoDBLocking}}

@misc{FlurryReport2017,
	Date-Added = {2018-10-01},
	Howpublished = {\url{https://www.verizonmedia.com/insights/flurry-analytics-releases-2017-state-of-mobile-report}},
	Title = {Flurry State of the Mobile 2018}}

@misc{flurry,
	Date-Added = {2016-07-12 11:00:21 +0000},
	Date-Modified = {2016-07-12 11:06:33 +0000},
	Howpublished = {\url{https://flurry.com}},
	Title = {Flurry Analytics}}

@misc{leveldb,
	Howpublished = {\url{http://code.google.com/p/leveldb}},
	Month = jan,
	Title = {A fast and lightweight key/value database library by Google},
	Year = {2014}}

@misc{HyperLevelDB,
	Howpublished = {\url{https://github.com/rescrv/HyperLevelDB}},
	Month = apr,
	Title = {HyperLevelDB},
	Year = {2014}}

@misc{RocksDB,
	Howpublished = {\url{http://rocksdb.org/}},
	Month = jun,
	Title = {A persistent key-value store for fast storage environments},
	Year = {2014}}

@misc{hbase,
	Howpublished = {\url{http://hbase.apache.org/}},
	Month = apr,
	Title = {Apache HBase, a distributed, scalable, big data store},
	Year = {2014}}

@misc{scylladb,
	Howpublished = {\url{https://www.scylladb.com/}},
	Title = {Scylla The Real-Time Big Data Database},
	Year = {2018}}

@misc{hyperdex,
	Howpublished = {\url{http://hyperdex.org/performance/leveldb}},
	Month = apr,
	Title = {HyperLevelDB Performance Benchmarks},
	Year = {2014}}

@article{FBMessaging2012,
	Author = {Aiyer, A. and Bautin, M. and Chen, G. and Damania, P. and Khemani, P. and Muthukkaruppan, P. and Ranganathan, K. and Spiegelberg, N. and Tang, L. and Vaidya, M.},
	Issue = 2,
	Journal = {{IEEE Data Eng. Bull}},
	Pages = {4--13},
	Title = {{Storage Infrastructure Behind Facebook Messages: Using HBase at Scale}},
	Volume = 35,
	Year = 2012}

@article{cassandra2010,
	Author = {Lakshman, Avinash and Malik, Prashant},
	Issue_Date = {April 2010},
	Journal = {SIGOPS Oper. Syst. Rev.},
	Month = apr,
	Number = {2},
	Pages = {35--40},
	Title = {Cassandra: A Decentralized Structured Storage System},
	Volume = {44},
	Year = {2010}}

@inproceedings{Lomet13,
	Author = {Lomet, David B. and Sengupta, Sudipta and Levandoski, Justin J.},
	Booktitle = {{ICDE}},
	Pages = {302--313},
	Title = {The Bw-Tree: A B-tree for New Hardware Platforms},
	Year = {2013}}

@book{Knuth:1998:ACP:280635,
	Address = {Redwood City, CA, USA},
	Author = {Knuth, Donald E.},
	Isbn = {0-201-89685-0},
	Publisher = {Addison Wesley Longman Publishing Co., Inc.},
	Title = {The Art of Computer Programming, Volume 3: (2Nd Ed.) Sorting and Searching},
	Year = {1998}}

@book{Herlihy:2008:AMP:1734069,
	Address = {San Francisco, CA, USA},
	Author = {Herlihy, Maurice and Shavit, Nir},
	Isbn = {0123705916, 9780123705914},
	Publisher = {Morgan Kaufmann Publishers Inc.},
	Title = {The Art of Multiprocessor Programming},
	Year = {2008}}

@inproceedings{clsm2015,
	Author = {Golan-Gueta, Guy and Bortnikov, Edward and Hillel, Eshcar and Keidar, Idit},
	Booktitle = {{EuroSys}},
	Pages = {32:1--32:14},
	Title = {Scaling Concurrent Log-structured Data Stores},
	Year = {2015}}

@book{Bernstein:1987:CCR:12518,
	Address = {Boston, MA, USA},
	Author = {Bernstein, Philip A. and Hadzilacos, Vassco and Goodman, Nathan},
	Isbn = {0-201-10715-5},
	Publisher = {Addison-Wesley Longman Publishing Co., Inc.},
	Title = {Concurrency Control and Recovery in Database Systems},
	Year = {1987}}

@article{Bigtable2008,
	Author = {Chang, Fay and Dean, Jeffrey and Ghemawat, Sanjay and Hsieh, Wilson C. and Wallach, Deborah A. and Burrows, Mike and Chandra, Tushar and Fikes, Andrew and Gruber, Robert E.},
	Issn = {0734-2071},
	Journal = {ACM Trans. Comput. Syst.},
	Month = jun,
	Number = {2},
	Pages = {4:1--4:26},
	Title = {Bigtable: A Distributed Storage System for Structured Data},
	Volume = {26},
	Year = {2008}}

@inproceedings{Shute2013,
	Author = {Jeff Shute and Radek Vingralek and Bart Samwel and Ben Handy and Chad Whipkey and Eric Rollins and Mircea Oancea and Kyle Littlefield and David Menestrina and Stephan Ellner and John Cieslewicz and Ian Rae and Traian Stancescu and Himani Apte},
	Booktitle = {VLDB},
	Title = {F1: A Distributed SQL Database That Scales},
	Year = 2013}

@inproceedings{Prokopec12,
	Author = {Prokopec, Aleksandar and Bronson, Nathan Grasso and Bagwell, Phil and Odersky, Martin},
	Booktitle = {{PPoPP}},
	Pages = {151--160},
	Title = {Concurrent Tries with Efficient Non-blocking Snapshots},
	Year = {2012}}

@book{Ramakrishnan:2002:DMS:560733,
	Address = {New York, NY, USA},
	Author = {Ramakrishnan, Raghu and Gehrke, Johannes},
	Date-Added = {2016-02-09 08:24:58 +0000},
	Date-Modified = {2016-02-09 08:24:58 +0000},
	Edition = {3},
	Isbn = {0072465638, 9780072465631},
	Publisher = {McGraw-Hill, Inc.},
	Title = {Database Management Systems},
	Year = {2003}}

@inproceedings{LogDRAM,
	Author = {Stephen M. Rumble and Ankita Kejriwal and John K. Ousterhout},
	Bibsource = {dblp computer science bibliography, http://dblp.org},
	Biburl = {http://dblp.uni-trier.de/rec/bib/conf/fast/RumbleKO14},
	Booktitle = {Proceedings of the 12th {USENIX} conference on File and Storage Technologies, {FAST} 2014, Santa Clara, CA, USA, February 17-20, 2014},
	Crossref = {DBLP:conf/fast/2014},
	Date-Added = {2016-01-31 07:50:44 +0000},
	Date-Modified = {2016-01-31 07:50:44 +0000},
	Pages = {1--16},
	Timestamp = {Thu, 15 May 2014 18:36:22 +0200},
	Title = {Log-structured memory for DRAM-based storage},
	Url = {https://www.usenix.org/conference/fast14/technical-sessions/presentation/rumble},
	Year = {2014},
	Bdsk-Url-1 = {https://www.usenix.org/conference/fast14/technical-sessions/presentation/rumble}}

@book{Welch2004,
	Author = {Welch, Jennifer L. and Attiya, Hagit},
	Publisher = {John Wiley Interscience},
	Title = {Distributed Computing: Fundamentals, Simulations and Advanced Topics (2nd edition)},
	Year = {2004}}

@article{HerlihyW1990,
	Author = {Maurice Herlihy and Jeannette M. Wing},
	Bibsource = {dblp computer science bibliography, http://dblp.org},
	Biburl = {http://dblp.uni-trier.de/rec/bib/journals/toplas/HerlihyW90},
	Doi = {10.1145/78969.78972},
	Journal = {{ACM} Trans. Program. Lang. Syst.},
	Number = {3},
	Pages = {463--492},
	Timestamp = {Thu, 04 Sep 2014 14:28:12 +0200},
	Title = {Linearizability: {A} Correctness Condition for Concurrent Objects},
	Url = {http://doi.acm.org/10.1145/78969.78972},
	Volume = {12},
	Year = {1990},
	Bdsk-Url-1 = {http://doi.acm.org/10.1145/78969.78972},
	Bdsk-Url-2 = {http://dx.doi.org/10.1145/78969.78972}}

@book{Weikum:2001,
	Address = {San Francisco, CA, USA},
	Author = {Weikum, Gerhard and Vossen, Gottfried},
	Isbn = {1-55860-508-8},
	Publisher = {Morgan Kaufmann Publishers Inc.},
	Title = {Transactional information systems: theory, algorithms, and the practice of concurrency control and recovery},
	Year = {2001}}

@book{BHG:Book87,
	Author = {Philip A. Bernstein and Vassos Hadzilacos and Nathan Goodman},
	Isbn = {0-201-10715-5},
	Publisher = {Addison-Wesley},
	Title = {Concurrency Control and Recovery in Database Systems},
	Year = {1987}}

@book{HerlihyS2008,
	Author = {Herlihy, Maurice and Shavit, Nir},
	Publisher = {Morgan Kaufmann Publishers Inc.},
	Title = {The Art of Multiprocessor Programming},
	Year = {2008}}

@article{HLR:SLCA2010,
	Author = {Harris , Tim and Larus , James and Rajwar , Ravi},
	Journal = {Synthesis Lectures on Computer Architecture},
	Number = {1},
	Title = {Transactional Memory, 2nd edition},
	Volume = {5},
	Year = {2010}}

@article{Sowell:2012,
	Acmid = {2311915},
	Author = {Sowell, Benjamin and Golab, Wojciech and Shah, Mehul A.},
	Doi = {10.14778/2311906.2311915},
	Issn = {2150-8097},
	Issue_Date = {May 2012},
	Journal = {Proc. VLDB Endow.},
	Month = may,
	Number = {9},
	Numpages = {12},
	Pages = {884--895},
	Publisher = {VLDB Endowment},
	Title = {Minuet: A Scalable Distributed Multiversion B-tree},
	Url = {http://dx.doi.org/10.14778/2311906.2311915},
	Volume = {5},
	Year = {2012},
	Bdsk-Url-1 = {http://dx.doi.org/10.14778/2311906.2311915}}

@inproceedings{Mao:2012,
	Acmid = {2168855},
	Address = {New York, NY, USA},
	Author = {Mao, Yandong and Kohler, Eddie and Morris, Robert Tappan},
	Booktitle = {Proceedings of the 7th ACM European Conference on Computer Systems},
	Doi = {10.1145/2168836.2168855},
	Isbn = {978-1-4503-1223-3},
	Keywords = {in-memory, key-value, multicore, persistent},
	Location = {Bern, Switzerland},
	Numpages = {14},
	Pages = {183--196},
	Publisher = {ACM},
	Series = {EuroSys '12},
	Title = {Cache Craftiness for Fast Multicore Key-value Storage},
	Url = {http://doi.acm.org/10.1145/2168836.2168855},
	Year = {2012},
	Bdsk-Url-1 = {http://doi.acm.org/10.1145/2168836.2168855},
	Bdsk-Url-2 = {https://doi.org/10.1145/2168836.2168855}}

@misc{RocksDB-blockcache,
	Howpublished = {\url{https://github.com/facebook/rocksdb/wiki/Block-Cache}},
	Title = {{RocksDB Block Cache}},
	Year = {2019}}

@misc{RocksDB-default-blockcache-issue,
	Howpublished = {\url{https://github.com/facebook/mysql-5.6/issues/441}},
	Title = {{Increase default size of RocksDB block cache}},
	Year = {2016}}

@misc{CallaghanCompaction,
	Author = {Callaghan, Mark},
	Howpublished = {\url{https://smalldatum.blogspot.com/2018/08/name-that-compaction-algorithm.html}},
	Title = {{Name that compaction algorithm}},
	Year = {2018}}

@misc{ScyllaCompaction,
	Author = {Tribble, Philip},
	Howpublished = {\url{https://www.scylladb.com/2017/12/28/compaction-strategy-scylla/}},
	Title = {{How to Ruin Your Performance by Choosing the Wrong Compaction Strategy}},
	Year = {2017}}

@misc{Cpp-YCSB,
	Howpublished = {\url{https://github.com/basicthinker/YCSB-C}},
	Title = {{Yahoo! Cloud Serving Benchmark in C++, a C++ version of YCSB}},
	Year = {2014}}

@misc{flurry-api,
	Howpublished = {\url{https://developer.yahoo.com/flurry/docs/api/code/analyticsapi/}},
	Title = {{Flurry Analytics Reporting API}},
	Year = {2018}}

@misc{dram-prices,
	Howpublished = {\url{https://www.statista.com/statistics/298821/dram-average-unit-price/}},
	Title = {{Average selling price of DRAM 1Gb equivalent units from 2009 to 2017 (in U.S. dollars)}},
	Year = {2018}}

@inproceedings{YCSB,
	Author = {Cooper, Brian F. and Silberstein, Adam and Tam, Erwin and Ramakrishnan, Raghu and Sears, Russell},
	Booktitle = {Proceedings of the 1st ACM Symposium on Cloud Computing},
	Pages = {143--154},
	Series = {SoCC '10},
	Title = {Benchmarking Cloud Serving Systems with YCSB},
	Year = {2010}}

@inproceedings{Armstrong:2013:LDB:2463676.2465296,
	Acmid = {2465296},
	Address = {New York, NY, USA},
	Author = {Armstrong, Timothy G. and Ponnekanti, Vamsi and Borthakur, Dhruba and Callaghan, Mark},
	Booktitle = {Proceedings of the 2013 ACM SIGMOD International Conference on Management of Data},
	Doi = {10.1145/2463676.2465296},
	Isbn = {978-1-4503-2037-5},
	Keywords = {database benchmarks, database workload analysis, hbase, mysql, social networks},
	Location = {New York, New York, USA},
	Numpages = {12},
	Pages = {1185--1196},
	Publisher = {ACM},
	Series = {SIGMOD '13},
	Title = {LinkBench: A Database Benchmark Based on the Facebook Social Graph},
	Url = {http://doi.acm.org/10.1145/2463676.2465296},
	Year = {2013},
	Bdsk-Url-1 = {http://doi.acm.org/10.1145/2463676.2465296},
	Bdsk-Url-2 = {https://doi.org/10.1145/2463676.2465296}}

@inproceedings{Cho:1998:ECT:297805.297835,
	Author = {Cho, Junghoo and Garcia-Molina, Hector and Page, Lawrence},
	Booktitle = {Proceedings of the Seventh International Conference on World Wide Web 7},
	Pages = {161--172},
	Series = {WWW7},
	Title = {Efficient Crawling Through URL Ordering},
	Year = {1998}}

@inproceedings{Brodal:2003:LBE:644108.644201,
	Author = {Brodal, Gerth Stolting and Fagerberg, Rolf},
	Booktitle = {Proceedings of the Fourteenth Annual ACM-SIAM Symposium on Discrete Algorithms},
	Isbn = {0-89871-538-5},
	Pages = {546--554},
	Series = {SODA '03},
	Title = {Lower Bounds for External Memory Dictionaries},
	Year = {2003}}

@misc{TokuDBgit,
Howpublished = {\url{https://github.com/percona/PerconaFT}},
Title = {{PerconaFT is a high-performance, transactional key-value store}},
Year = 2019
} 

@misc{TokuDB,
	Howpublished = {\url{https://www.percona.com/software/mysql-database/percona-tokudb}},
	Title = {{Percona TokuDB}},
	Year = {2018}}

@article{Srinivasan:2016:AAR:3007263.3007276,
	Acmid = {3007276},
	Author = {Srinivasan, V. and Bulkowski, Brian and Chu, Wei-Ling and Sayyaparaju, Sunil and Gooding, Andrew and Iyer, Rajkumar and Shinde, Ashish and Lopatic, Thomas},
	Doi = {10.14778/3007263.3007276},
	Issn = {2150-8097},
	Issue_Date = {September 2016},
	Journal = {Proc. VLDB Endow.},
	Month = sep,
	Number = {13},
	Numpages = {12},
	Pages = {1389--1400},
	Publisher = {VLDB Endowment},
	Title = {Aerospike: Architecture of a Real-time Operational DBMS},
	Url = {https://doi.org/10.14778/3007263.3007276},
	Volume = {9},
	Year = {2016},
	Bdsk-Url-1 = {https://doi.org/10.14778/3007263.3007276}}

@inproceedings{BetrFS,
	Author = {William Jannen and Jun Yuan and Yang Zhan and Amogh Akshintala and John Esmet and Yizheng Jiao and Ankur Mittal and Prashant Pandey and Phaneendra Reddy and Leif Walsh and Michael Bender and Martin Farach-Colton and Rob Johnson and Bradley C. Kuszmaul and Donald E. Porter},
	Booktitle = {13th {USENIX} Conference on File and Storage Technologies ({FAST} 15)},
	Pages = {301--315},
	Title = {{BetrFS}: A Right-Optimized Write-Optimized File System},
	Year = {2015}}
